
@article{bergsma2019,
author = {Wicher Bergsma},
journal = {Econometrics and Statistics},
number = {},
title = {{Regression with I-priors}},
volume = {to appear},
year = {2019},
doi = {10.1016/j.ecosta.2019.10.002}
}

@inproceedings{williams2001using,
  title="{Using the Nystr{\"o}m method to speed up kernel machines}",
  author={Williams, Christopher KI and Seeger, Matthias},
  booktitle={Advances in Neural Information Processing Systems},
  year={2001}
}

@article{Girolami2006,
author = {Girolami, Mark and Rogers, Simon},
journal = {Neural Computation},
number = {8},
title = {{Variational Bayesian multinomial probit regression with Gaussian process priors}},
volume = {18},
year = {2006}
}

@article{Kuo1998,
author = {Kuo, Lynn and Mallick, Bani},
journal = {Sankhy{\=a}: The Indian Journal of Statistics, Series B},
number = {1},
title = {{Variable selection for regression models}},
volume = {60},
year = {1998}
}


